@article{Beenakker:1996ch,
      author         = "Beenakker, W. and Hopker, R. and Spira, M. and Zerwas, P.
                        M.",
      title          = "{Squark and gluino production at hadron colliders}",
      journal        = "Nucl. Phys.",
      volume         = "B492",
      year           = "1997",
      pages          = "51-103"
}
@article{'tHooft:1972fi,
      author         = "'t Hooft, Gerard and Veltman, M. J. G.",
      title          = "{Regularization and Renormalization of Gauge Fields}",
      journal        = "Nucl. Phys.",
      volume         = "B44",
      year           = "1972",
      pages          = "189-213",
      doi            = "10.1016/0550-3213(72)90279-9"
}
@book{Peskin,
   title = "An introduction to quantum field theory",
   author = "Peskin, Michael Edward and Schroeder, Daniel V.",
   series = "Advanced book program",
   publisher = "Westview Press Reading (Mass.)",
   address = "Boulder (Colo.)",
   isbn = "0-201-50934-2",
   note = "Autre tirage : 1997",
   year = 1995
}
@ARTICLE{Denner,
   author = {{Denner}, A.},
    title = "{Techniques for the Calculation of Electroweak Radiative Corrections at the One-Loop Level and Results forW-physics at LEP 200}",
  journal = {Fortschritte der Physik},
     year = 1993,
   volume = 41,
    pages = {307-420},
      doi = {10.1002/prop.19930410402}
}
@article{Hahn:2000,
      author         = "Hahn, Thomas",
      title          = "{Generating Feynman diagrams and amplitudes with FeynArts
                        3}",
      journal        = "Comput. Phys. Commun.",
      volume         = "140",
      year           = "2001",
      pages          = "418-431",
      doi            = "10.1016/S0010-4655(01)00290-9",
      eprint         = "hep-ph/0012260",
      archivePrefix  = "arXiv",
      primaryClass   = "hep-ph",
      reportNumber   = "KA-TP-23-2000"
}
@article{Nejad:2013,
      author         = "Chokoufe Nejad, B. and Hahn, T. and Lang, J. -N. and
                        Mirabella, E.",
      title          = "{FormCalc 8: Better Algebra and Vectorization}",
      booktitle      = "{Proceedings,  15th International Workshop on Advanced
                        Computing and Analysis Techniques in Physics Research
                        (ACAT 2013)}",
      journal        = "J. Phys. Conf. Ser.",
      volume         = "523",
      year           = "2014",
      pages          = "012050",
      doi            = "10.1088/1742-6596/523/1/012050",
      eprint         = "1310.0274",
      archivePrefix  = "arXiv",
      primaryClass   = "hep-ph",
      reportNumber   = "MPP-2013-273"
}
@article{Hahn:1998,
      author         = "Hahn, T. and Perez-Victoria, M.",
      title          = "{Automatized one loop calculations in four-dimensions and
                        D-dimensions}",
      journal        = "Comput. Phys. Commun.",
      volume         = "118",
      year           = "1999",
      pages          = "153-165",
      doi            = "10.1016/S0010-4655(98)00173-8",
      eprint         = "hep-ph/9807565",
      archivePrefix  = "arXiv",
      primaryClass   = "hep-ph",
      reportNumber   = "UG-FT-87-98, KA-TP-7-1998"
}
@article{Hollik:2001cz,
      author         = "Hollik, W. and Stockinger, D.",
      title          = "{Regularization and supersymmetry restoring counterterms
                        in supersymmetric QCD}",
      journal        = "Eur. Phys. J.",
      volume         = "C20",
      year           = "2001",
      pages          = "105-119",
      doi            = "10.1007/s100520100651",
      eprint         = "hep-ph/0103009",
      archivePrefix  = "arXiv",
      primaryClass   = "hep-ph",
      reportNumber   = "KA-TP-08-2000"
}
@book{book:17018,
   title =     {A modern introduction to quantum field theory},
   author =    {Michele Maggiore},
   publisher = {Oxford University Press},
   isbn =      {9780198520740,9781429469227,0198520743,0198520735},
   year =      {2005},
   series =    {Oxford master series in physics 12},
   edition =   {},
   volume =    {}
}
@book{book:811554,
   title =     {Gauge Theories of the Strong and Electroweak Interaction},
   author =    {Manfred Böhm, Manfred Böhm (Dr. rer. nat.), Ansgar Denner, Hans Joos},
   publisher = {Vieweg +Teubner},
   isbn =      {3519230453,9783519230458},
   year =      {2001},
   series =    {},
   edition =   {3rd rev. ed. 2001},
   volume =    {}
}
@article{Passarino:1978jh,
      author         = "Passarino, G. and Veltman, M. J. G.",
      title          = "{One Loop Corrections for e+ e- Annihilation Into mu+ mu-
                        in the Weinberg Model}",
      journal        = "Nucl. Phys.",
      volume         = "B160",
      year           = "1979",
      pages          = "151-207",
      doi            = "10.1016/0550-3213(79)90234-7",
      reportNumber   = "Print-79-0284 (UTRECHT)"
}
@article{Ellis:2011cr,
      author         = "Ellis, R. Keith and Kunszt, Zoltan and Melnikov, Kirill
                        and Zanderighi, Giulia",
      title          = "{One-loop calculations in quantum field theory: from
                        Feynman diagrams to unitarity cuts}",
      journal        = "Phys. Rept.",
      volume         = "518",
      year           = "2012",
      pages          = "141-250",
      doi            = "10.1016/j.physrep.2012.01.008",
      eprint         = "1105.4319",
      archivePrefix  = "arXiv",
      primaryClass   = "hep-ph",
      reportNumber   = "FERMILAB-PUB-11-195-T"
}
@article{Cheng:1997sq,
      author         = "Cheng, Hsin-Chia and Feng, Jonathan L. and Polonsky, Nir",
      title          = "{Superoblique corrections and nondecoupling of
                        supersymmetry breaking}",
      journal        = "Phys. Rev.",
      volume         = "D56",
      year           = "1997",
      pages          = "6875-6884",
      doi            = "10.1103/PhysRevD.56.6875",
      eprint         = "hep-ph/9706438",
      archivePrefix  = "arXiv",
      primaryClass   = "hep-ph",
      reportNumber   = "FERMILAB-PUB-97-177-T, LBL-40465, LBNL-40465,
                        UCB-PTH-97-33, RU-97-45"
}
@article{Appelquist:1974tg,
      author         = "Appelquist, Thomas and Carazzone, J.",
      title          = "{Infrared Singularities and Massive Fields}",
      journal        = "Phys. Rev.",
      volume         = "D11",
      year           = "1975",
      pages          = "2856",
      doi            = "10.1103/PhysRevD.11.2856",
      reportNumber   = "Print-74-1486 (HARVARD)"
}
@article{Harland-Lang:2014zoa,
      author         = "Harland-Lang, L. A. and Martin, A. D. and Motylinski, P.
                        and Thorne, R. S.",
      title          = "{Parton distributions in the LHC era: MMHT 2014 PDFs}",
      journal        = "Eur. Phys. J.",
      volume         = "C75",
      year           = "2015",
      number         = "5",
      pages          = "204",
      doi            = "10.1140/epjc/s10052-015-3397-6",
      eprint         = "1412.3989",
      archivePrefix  = "arXiv",
      primaryClass   = "hep-ph"
}
@ARTICLE{1962JMP.....3..650K,
   author = {{Kinoshita}, T.},
    title = "{Mass Singularities of Feynman Amplitudes}",
  journal = {Journal of Mathematical Physics},
     year = 1962,
    month = jul,
   volume = 3,
    pages = {650-677},
      doi = {10.1063/1.1724268}
}
@article{PhysRev.133.B1549,
  title = {Degenerate Systems and Mass Singularities},
  author = {Lee, T. D. and Nauenberg, M.},
  journal = {Phys. Rev.},
  volume = {133},
  issue = {6B},
  pages = {B1549--B1562},
  numpages = {0},
  year = {1964},
  month = {Mar},
  publisher = {American Physical Society},
  doi = {10.1103/PhysRev.133.B1549}
}
@article{Brock:1993sz,
      author         = "Brock, Raymond and others",
      title          = "{Handbook of perturbative QCD: Version 1.0}",
      collaboration  = "CTEQ",
      journal        = "Rev. Mod. Phys.",
      volume         = "67",
      year           = "1995",
      pages          = "157-248",
      doi            = "10.1103/RevModPhys.67.157",
      reportNumber   = "FERMILAB-PUB-93-094, ANL-HEP-PR-95-29"
}
@article{Lehmann:1954rq,
      author         = "Lehmann, H. and Symanzik, K. and Zimmermann, W.",
      title          = "{On the formulation of quantized field theories}",
      journal        = "Nuovo Cim.",
      volume         = "1",
      year           = "1955",
      pages          = "205-225",
      doi            = "10.1007/BF02731765"
}
@book{dissertori2003quantum,
  title={Quantum Chromodynamics: High Energy Experiments and Theory},
  author={Dissertori, G. and Knowles, I.G. and Schmelling, M.},
  isbn={9780198505723},
  lccn={2002030303},
  series={International series of monographs on physics},
  url={https://books.google.de/books?id=\_rqDQgAACAAJ},
  year={2003},
  publisher={Clarendon Press}
}
@article{Collins:1989gx,
      author         = "Collins, John C. and Soper, Davison E. and Sterman,
                        George F.",
      title          = "{Factorization of Hard Processes in QCD}",
      journal        = "Adv. Ser. Direct. High Energy Phys.",
      volume         = "5",
      year           = "1989",
      pages          = "1-91",
      doi            = "10.1142/9789814503266_0001",
      eprint         = "hep-ph/0409313",
      archivePrefix  = "arXiv",
      primaryClass   = "hep-ph",
      reportNumber   = "ITP-SB-89-31",
      SLACcitation   = "%%CITATION = HEP-PH/0409313;%%"
}
@article{PhysRev.96.191,
  title = {Conservation of Isotopic Spin and Isotopic Gauge Invariance},
  author = {Yang, C. N. and Mills, R. L.},
  journal = {Phys. Rev.},
  volume = {96},
  issue = {1},
  pages = {191--195},
  numpages = {0},
  year = {1954},
  month = {Oct},
  publisher = {American Physical Society},
  doi = {10.1103/PhysRev.96.191}
}
@article{Kobayashi:1973fv,
      author         = "Kobayashi, Makoto and Maskawa, Toshihide",
      title          = "{CP Violation in the Renormalizable Theory of Weak
                        Interaction}",
      journal        = "Prog. Theor. Phys.",
      volume         = "49",
      year           = "1973",
      pages          = "652-657",
      doi            = "10.1143/PTP.49.652",
      reportNumber   = "KUNS-242"
}
@inproceedings{Cabbibo:1964zsa,
      author         = "Cabbibo, Nicola",
      title          = "{Leptonic Decays in the Unitary Symmetry Scheme}",
      booktitle      = "{Proceedings, International Conference on Fundamental
                        Aspects of Weak Interactions}",
      year           = "1964",
      url            = "https://inspirehep.net/record/1377505/files/Cabibbo-p299.pdf",
      pages          = "299-302"
}
@article{Becchi:1974xu,
      author         = "Becchi, C. and Rouet, A. and Stora, R.",
      title          = "{The Abelian Higgs-Kibble Model. Unitarity of the S
                        Operator}",
      journal        = "Phys. Lett.",
      volume         = "B52",
      year           = "1974",
      pages          = "344-346",
      doi            = "10.1016/0370-2693(74)90058-6",
      reportNumber   = "CPT-74/P.625-MARSEILLE"
}
@article{Becchi:1974md,
      author         = "Becchi, C. and Rouet, A. and Stora, R.",
      title          = "{Renormalization of the Abelian Higgs-Kibble Model}",
      journal        = "Commun. Math. Phys.",
      volume         = "42",
      year           = "1975",
      pages          = "127-162",
      doi            = "10.1007/BF01614158",
      reportNumber   = "CPT-74-P.634-MARSEILLE, CNRS-CPT-74-P634"
}
@article{Becchi:1975nq,
      author         = "Becchi, C. and Rouet, A. and Stora, R.",
      title          = "{Renormalization of Gauge Theories}",
      journal        = "Annals Phys.",
      volume         = "98",
      year           = "1976",
      pages          = "287-321",
      doi            = "10.1016/0003-4916(76)90156-1",
      reportNumber   = "CPT-75-P.723-MARSEILLE"
}
@article{Higgs:1964ia,
      author         = "Higgs, Peter W.",
      title          = "{Broken symmetries, massless particles and gauge fields}",
      journal        = "Phys. Lett.",
      volume         = "12",
      year           = "1964",
      pages          = "132-133",
      doi            = "10.1016/0031-9163(64)91136-9"
}
@article{Higgs:1964pj,
      author         = "Higgs, Peter W.",
      title          = "{Broken Symmetries and the Masses of Gauge Bosons}",
      journal        = "Phys. Rev. Lett.",
      volume         = "13",
      year           = "1964",
      pages          = "508-509",
      doi            = "10.1103/PhysRevLett.13.508"
}
@article{Higgs:1966ev,
      author         = "Higgs, Peter W.",
      title          = "{Spontaneous Symmetry Breakdown without Massless Bosons}",
      journal        = "Phys. Rev.",
      volume         = "145",
      year           = "1966",
      pages          = "1156-1163",
      doi            = "10.1103/PhysRev.145.1156"
}
@article{Englert:1964et,
      author         = "Englert, F. and Brout, R.",
      title          = "{Broken Symmetry and the Mass of Gauge Vector Mesons}",
      journal        = "Phys. Rev. Lett.",
      volume         = "13",
      year           = "1964",
      pages          = "321-323",
      doi            = "10.1103/PhysRevLett.13.321"
}
@article{Guralnik:1964eu,
      author         = "Guralnik, G. S. and Hagen, C. R. and Kibble, T. W. B.",
      title          = "{Global Conservation Laws and Massless Particles}",
      journal        = "Phys. Rev. Lett.",
      volume         = "13",
      year           = "1964",
      pages          = "585-587",
      doi            = "10.1103/PhysRevLett.13.585"
}
@article{Kibble:1967sv,
      author         = "Kibble, T. W. B.",
      title          = "{Symmetry breaking in nonAbelian gauge theories}",
      journal        = "Phys. Rev.",
      volume         = "155",
      year           = "1967",
      pages          = "1554-1561",
      doi            = "10.1103/PhysRev.155.1554"
}
@article{Bernstein:1974rd,
      author         = "Bernstein, J.",
      title          = "{Spontaneous symmetry breaking, gauge theories, the higgs
                        mechanism and all that}",
      journal        = "Rev. Mod. Phys.",
      volume         = "46",
      year           = "1974",
      pages          = "7-48",
      doi            = "10.1103/RevModPhys.46.7",
      note           = "[Erratum: Rev. Mod. Phys.46,855(1974)]"
}
@article{Martin:1997ns,
      author         = "Martin, Stephen P.",
      title          = "{A Supersymmetry primer}",
      year           = "1997",
      doi            = "10.1142/9789812839657_0001, 10.1142/9789814307505_0001",
      note           = "[Adv. Ser. Direct. High Energy Phys.18,1(1998)]",
      eprint         = "hep-ph/9709356",
      archivePrefix  = "arXiv",
      primaryClass   = "hep-ph",
      reportNumber   = "FERMILAB-PUB-97-425-T"
}
@article{Adam:2015rua,
      author         = "Adam, R. and others",
      title          = "{Planck 2015 results. I. Overview of products and
                        scientific results}",
      collaboration  = "Planck",
      year           = "2015",
      eprint         = "1502.01582",
      archivePrefix  = "arXiv",
      primaryClass   = "astro-ph.CO"
}
@article{Coleman:1967ad,
      author         = "Coleman, Sidney R. and Mandula, J.",
      title          = "{All Possible Symmetries of the S Matrix}",
      journal        = "Phys. Rev.",
      volume         = "159",
      year           = "1967",
      pages          = "1251-1256",
      doi            = "10.1103/PhysRev.159.1251"
}
@article{Haag:1974qh,
      author         = "Haag, Rudolf and {\L}opusza\'nski, Jan T. and Sohnius, Martin",
      title          = "{All Possible Generators of Supersymmetries of the s
                        Matrix}",
      journal        = "Nucl. Phys.",
      volume         = "B88",
      year           = "1975",
      pages          = "257",
      doi            = "10.1016/0550-3213(75)90279-5",
      reportNumber   = "Print-74-1630 (KARLSRUHE)"
}
@article{Pelc:1996vg,
      author         = "Pelc, Oskar and Horwitz, L. P.",
      title          = "{Generalization of the Coleman-Mandula theorem to higher
                        dimension}",
      journal        = "J. Math. Phys.",
      volume         = "38",
      year           = "1997",
      pages          = "139-172",
      doi            = "10.1063/1.531846",
      eprint         = "hep-th/9605147",
      archivePrefix  = "arXiv",
      primaryClass   = "hep-th",
      reportNumber   = "RI-2-96, TAUP-2175-94, IASSNS-HEP-96-31"
}
@article{'tHooft:1976up,
      author         = "'t Hooft, Gerard",
      title          = "{Symmetry Breaking Through Bell-Jackiw Anomalies}",
      journal        = "Phys. Rev. Lett.",
      volume         = "37",
      year           = "1976",
      pages          = "8-11",
      doi            = "10.1103/PhysRevLett.37.8",
      reportNumber   = "PRINT-76-0254 (HARVARD)"
}
@article{Kribs:2007ac,
      author         = "Kribs, Graham D. and Poppitz, Erich and Weiner, Neal",
      title          = "{Flavor in supersymmetry with an extended R-symmetry}",
      journal        = "Phys. Rev.",
      volume         = "D78",
      year           = "2008",
      pages          = "055010",
      doi            = "10.1103/PhysRevD.78.055010",
      eprint         = "0712.2039",
      archivePrefix  = "arXiv",
      primaryClass   = "hep-ph"
}
@article{Nelson:2002ca,
      author         = "Nelson, Ann E. and Rius, Nuria and Sanz, Veronica and
                        Unsal, Mithat",
      title          = "{The Minimal supersymmetric model without a mu term}",
      journal        = "JHEP",
      volume         = "08",
      year           = "2002",
      pages          = "039",
      doi            = "10.1088/1126-6708/2002/08/039",
      eprint         = "hep-ph/0206102",
      archivePrefix  = "arXiv",
      primaryClass   = "hep-ph",
      reportNumber   = "UW-PT-02-05, IFIC-02-12, FTUV-02-0319"
}
@article{Kribs:2012gx,
      author         = "Kribs, Graham D. and Martin, Adam",
      title          = "{Supersoft Supersymmetry is Super-Safe}",
      journal        = "Phys. Rev.",
      volume         = "D85",
      year           = "2012",
      pages          = "115014",
      doi            = "10.1103/PhysRevD.85.115014",
      eprint         = "1203.4821",
      archivePrefix  = "arXiv",
      primaryClass   = "hep-ph",
      reportNumber   = "FERMILAB-PUB-12-074-T"
}
@article{Hardy:2013ywa,
      author         = "Hardy, Edward",
      title          = "{Is Natural SUSY Natural?}",
      journal        = "JHEP",
      volume         = "10",
      year           = "2013",
      pages          = "133",
      doi            = "10.1007/JHEP10(2013)133",
      eprint         = "1306.1534",
      archivePrefix  = "arXiv",
      primaryClass   = "hep-ph"
}
@article{Kribs:2013oda,
      author         = "Kribs, Graham D. and Martin, Adam",
      title          = "{Dirac Gauginos in Supersymmetry -- Suppressed Jets + MET
                        Signals: A Snowmass Whitepaper}",
      year           = "2013",
      eprint         = "1308.3468",
      archivePrefix  = "arXiv",
      primaryClass   = "hep-ph"
}
@article{Fox:2002bu,
      author         = "Fox, Patrick J. and Nelson, Ann E. and Weiner, Neal",
      title          = "{Dirac gaugino masses and supersoft supersymmetry
                        breaking}",
      journal        = "JHEP",
      volume         = "08",
      year           = "2002",
      pages          = "035",
      doi            = "10.1088/1126-6708/2002/08/035",
      eprint         = "hep-ph/0206096",
      archivePrefix  = "arXiv",
      primaryClass   = "hep-ph",
      reportNumber   = "UW-PT-02-12, UW-02-12"
}
@article{Diessner:2014ksa,
      author         = "Dießner, Philip and Kalinowski, Jan and Kotlarski,
                        Wojciech and Stöckinger, Dominik",
      title          = "{Higgs boson mass and electroweak observables in the
                        MRSSM}",
      journal        = "JHEP",
      volume         = "12",
      year           = "2014",
      pages          = "124",
      doi            = "10.1007/JHEP12(2014)124",
      eprint         = "1410.4791",
      archivePrefix  = "arXiv",
      primaryClass   = "hep-ph",
      SLACcitation   = "%%CITATION = ARXIV:1410.4791;%%"
}
@book{Collins:105730,
      author        = "Collins, John C",
      title         = "{Renormalization: an introduction to renormalization, the
                       renormalization group, and the operator-product expansion}",
      publisher     = "Cambridge Univ. Press",
      address       = "Cambridge",
      series        = "Cambridge monographs on mathematical physics",
      year          = "1984"
}
@manual{FeynArtsManual,
  title        = {FeynArts 3.9  User’s Guide},
  author       = {Thomas Hahn}, 
  year         = "2015"
}
@manual{FormCalcManual,
  title        = {FormCalc 8  User’s Guide},
  author       = {Thomas Hahn}, 
  year         = "2015"
}
@manual{LoopToolsManual,
  title        = {LoopTools 2.8  User’s Guide},
  author       = {Thomas Hahn}, 
  year         = "2012"
}
@phdthesis{phdWojciech,
  author       = {Wojciech Kotlarski}, 
  title        = {Analysis of the R-symmetric supersymmetric models including quantum  corrections},
  school       = {University of Warsaw},
  year         = 2016,
  month        = 10
}
@mastersthesis{Varso,
      author         = "Varso, Philipp",
      title          = "{Supersymmetrie restaurierende Counterterme in Einschleifenordnung}",
      school        = "TU Dresden",
      year           = "2010"
}
@mastersthesis{Bach,
      author         = "Bach, Markus",
      title          = "{Das anomale magnetische Moment des Myons
im minimalen supersymmetrischen Standardmodell für tan $\beta = \infty$}",
      school        = "TU Dresden",
      year           = "2013"
}
@mastersthesis{Diessner,
      author         = "Dießner, Philip",
      title          = "{Vergleich nicht-minimaler supersymmetrischer Modelle mit LHC-Ergebnissen}",
      school        = "TU Dresden",
      year           = "2012"
}
@book{lahiri2005first,
  title={A First Book of Quantum Field Theory},
  author={Lahiri, A. and Pal, P.B.},
  isbn={9780849338977},
  year={2005},
  publisher={Alpha Science International}
}
@article{Staub:2013tta,
      author         = "Staub, Florian",
      title          = "{SARAH 4 : A tool for (not only SUSY) model builders}",
      journal        = "Comput. Phys. Commun.",
      volume         = "185",
      year           = "2014",
      pages          = "1773-1790",
      doi            = "10.1016/j.cpc.2014.02.018",
      eprint         = "1309.7223",
      archivePrefix  = "arXiv",
      primaryClass   = "hep-ph",
      reportNumber   = "BONN-TH-2013-17",
      SLACcitation   = "%%CITATION = ARXIV:1309.7223;%%"
}
@article{Staub:2012pb,
      author         = "Staub, Florian",
      title          = "{SARAH 3.2: Dirac Gauginos, UFO output, and more}",
      journal        = "Comput. Phys. Commun.",
      volume         = "184",
      year           = "2013",
      pages          = "1792-1809",
      doi            = "10.1016/j.cpc.2013.02.019",
      eprint         = "1207.0906",
      archivePrefix  = "arXiv",
      primaryClass   = "hep-ph",
      reportNumber   = "BONN-TH-2012-17",
      SLACcitation   = "%%CITATION = ARXIV:1207.0906;%%"
}
@article{Staub:2010jh,
      author         = "Staub, Florian",
      title          = "{Automatic Calculation of supersymmetric Renormalization
                        Group Equations and Self Energies}",
      journal        = "Comput. Phys. Commun.",
      volume         = "182",
      year           = "2011",
      pages          = "808-833",
      doi            = "10.1016/j.cpc.2010.11.030",
      eprint         = "1002.0840",
      archivePrefix  = "arXiv",
      primaryClass   = "hep-ph",
      SLACcitation   = "%%CITATION = ARXIV:1002.0840;%%"
}
@article{Staub:2009bi,
      author         = "Staub, Florian",
      title          = "{From Superpotential to Model Files for FeynArts and
                        CalcHep/CompHep}",
      journal        = "Comput. Phys. Commun.",
      volume         = "181",
      year           = "2010",
      pages          = "1077-1086",
      doi            = "10.1016/j.cpc.2010.01.011",
      eprint         = "0909.2863",
      archivePrefix  = "arXiv",
      primaryClass   = "hep-ph",
      SLACcitation   = "%%CITATION = ARXIV:0909.2863;%%"
}
@article{Politzer:1973fx,
      author         = "Politzer, H. David",
      title          = "{Reliable Perturbative Results for Strong Interactions?}",
      journal        = "Phys. Rev. Lett.",
      volume         = "30",
      year           = "1973",
      pages          = "1346-1349",
      doi            = "10.1103/PhysRevLett.30.1346",
      SLACcitation   = "%%CITATION = PRLTA,30,1346;%%"
}
@article{Gross:1973ju,
      author         = "Gross, D. J. and Wilczek, Frank",
      title          = "{Asymptotically Free Gauge Theories. 1}",
      journal        = "Phys. Rev.",
      volume         = "D8",
      year           = "1973",
      pages          = "3633-3652",
      doi            = "10.1103/PhysRevD.8.3633",
      reportNumber   = "FERMILAB-PUB-73-049-T, FERMILAB-PUB-73-049-THY",
      SLACcitation   = "%%CITATION = PHRVA,D8,3633;%%"
}
@article{ChokoufeNejad:2013qja,
      author         = "Chokoufe Nejad, B. and Lang, J. -N. and Hahn, T. and
                        Mirabella, E.",
      title          = "{FormCalc 8: Better Algebra and Vectorization}",
      booktitle      = "{Proceedings, 37th International Conference of
                        Theoretical Physics on Matter to the Deepest: Recent
                        Developments in Physics of Fundamental Interactions}",
      journal        = "Acta Phys. Polon.",
      volume         = "B44",
      year           = "2013",
      number         = "11",
      pages          = "2231-2239",
      doi            = "10.5506/APhysPolB.44.2231",
      SLACcitation   = "%%CITATION = APPOA,B44,2231;%%"
}
@article{Hahn:1998yk,
      author         = "Hahn, T. and Perez-Victoria, M.",
      title          = "{Automatized one loop calculations in four-dimensions and
                        D-dimensions}",
      journal        = "Comput. Phys. Commun.",
      volume         = "118",
      year           = "1999",
      pages          = "153-165",
      doi            = "10.1016/S0010-4655(98)00173-8",
      eprint         = "hep-ph/9807565",
      archivePrefix  = "arXiv",
      primaryClass   = "hep-ph",
      reportNumber   = "UG-FT-87-98, KA-TP-7-1998",
      SLACcitation   = "%%CITATION = HEP-PH/9807565;%%"
}
@article{Hahn:2004fe,
      author         = "Hahn, T.",
      title          = "{CUBA: A Library for multidimensional numerical
                        integration}",
      journal        = "Comput. Phys. Commun.",
      volume         = "168",
      year           = "2005",
      pages          = "78-95",
      doi            = "10.1016/j.cpc.2005.01.010",
      eprint         = "hep-ph/0404043",
      archivePrefix  = "arXiv",
      primaryClass   = "hep-ph",
      reportNumber   = "MPP-2004-40",
      SLACcitation   = "%%CITATION = HEP-PH/0404043;%%"
}
@article{GoncalvesNetto:2012nt,
      author         = "Goncalves-Netto, Dorival and Lopez-Val, David and
                        Mawatari, Kentarou and Plehn, Tilman and Wigmore, Ioan",
      title          = "{Sgluon Pair Production to Next-to-Leading Order}",
      journal        = "Phys. Rev.",
      volume         = "D85",
      year           = "2012",
      pages          = "114024",
      doi            = "10.1103/PhysRevD.85.114024",
      eprint         = "1203.6358",
      archivePrefix  = "arXiv",
      primaryClass   = "hep-ph",
      SLACcitation   = "%%CITATION = ARXIV:1203.6358;%%"
}
@article{Choi:2008ub,
      author         = "Choi, S. Y. and Drees, M. and Kalinowski, J. and Kim, J.
                        M. and Popenda, E. and Zerwas, P. M.",
      title          = "{Color-Octet Scalars of N=2 Supersymmetry at the LHC}",
      journal        = "Phys. Lett.",
      volume         = "B672",
      year           = "2009",
      pages          = "246-252",
      doi            = "10.1016/j.physletb.2009.01.040",
      eprint         = "0812.3586",
      archivePrefix  = "arXiv",
      primaryClass   = "hep-ph"
}
@article{Gavin:2013kga,
      author         = "Gavin, Ryan and Hangst, Christian and Krämer, Michael and Mühlleitner, Margarete and Pellen, Mathieu and Popenda, Eva and Spira, Michael",
      title          = "{Matching Squark Pair Production at NLO with Parton Showers}",
      journal        = "JHEP",
      volume         = "10",
      year           = "2013",
      pages          = "187",
      doi            = "10.1007/JHEP10(2013)187",
      eprint         = "1305.4061",
      archivePrefix  = "arXiv",
      primaryClass   = "hep-ph",
      SLACcitation   = "%%CITATION = ARXIV:1305.4061;%%"
}
@article{Stockinger:2011gp,
      author         = "Stockinger, Dominik and Varso, Philipp",
      title          = "{FeynArts model file for MSSM transition counterterms
                        from DREG to DRED}",
      journal        = "Comput. Phys. Commun.",
      volume         = "183",
      year           = "2012",
      pages          = "422-430",
      doi            = "10.1016/j.cpc.2011.10.010",
      eprint         = "1109.6484",
      archivePrefix  = "arXiv",
      primaryClass   = "hep-ph",
      SLACcitation   = "%%CITATION = ARXIV:1109.6484;%%"
}
@article{Stockinger:2005gx,
      author         = "Stockinger, Dominik",
      title          = "{Regularization by dimensional reduction: consistency,
                        quantum action principle, and supersymmetry}",
      journal        = "JHEP",
      volume         = "03",
      year           = "2005",
      pages          = "076",
      doi            = "10.1088/1126-6708/2005/03/076",
      eprint         = "hep-ph/0503129",
      archivePrefix  = "arXiv",
      primaryClass   = "hep-ph",
      reportNumber   = "IPPP-05-06, DCPT-05-12",
      SLACcitation   = "%%CITATION = HEP-PH/0503129;%%"
}
@book{Collins:105730,
      author        = "Collins, John C",
      title         = "{Renormalization: an introduction to renormalization, the
                       renormalization group, and the operator-product expansion}",
      publisher     = "Cambridge Univ. Press",
      address       = "Cambridge",
      series        = "Cambridge monographs on mathematical physics",
      year          = "1984",
      url           = "https://cds.cern.ch/record/105730",
}
@article{Jack:1997sr,
      author         = "Jack, I. and Jones, D. R. T.",
      title          = "{Regularization of supersymmetric theories}",
      year           = "1997",
      doi            = "10.1142/9789814307505_0013",
      note           = "[Adv. Ser. Direct. High Energy Phys.21,494(2010)]",
      eprint         = "hep-ph/9707278",
      archivePrefix  = "arXiv",
      primaryClass   = "hep-ph",
      reportNumber   = "LTH-400",
      SLACcitation   = "%%CITATION = HEP-PH/9707278;%%"
}
@article{Martin:1993yx,
      author         = "Martin, Stephen P. and Vaughn, Michael T.",
      title          = "{Regularization dependence of running couplings in softly
                        broken supersymmetry}",
      journal        = "Phys. Lett.",
      volume         = "B318",
      year           = "1993",
      pages          = "331-337",
      doi            = "10.1016/0370-2693(93)90136-6",
      eprint         = "hep-ph/9308222",
      archivePrefix  = "arXiv",
      primaryClass   = "hep-ph",
      reportNumber   = "NUB-3072-93-TH",
      SLACcitation   = "%%CITATION = HEP-PH/9308222;%%"
}
@article{Alwall:2014hca,
      author         = "Alwall, J. and Frederix, R. and Frixione, S. and Hirschi,
                        V. and Maltoni, F. and Mattelaer, O. and Shao, H. -S. and
                        Stelzer, T. and Torrielli, P. and Zaro, M.",
      title          = "{The automated computation of tree-level and
                        next-to-leading order differential cross sections, and
                        their matching to parton shower simulations}",
      journal        = "JHEP",
      volume         = "07",
      year           = "2014",
      pages          = "079",
      doi            = "10.1007/JHEP07(2014)079",
      eprint         = "1405.0301",
      archivePrefix  = "arXiv",
      primaryClass   = "hep-ph",
      reportNumber   = "CERN-PH-TH-2014-064, CP3-14-18, LPN14-066, MCNET-14-09,
                        ZU-TH-14-14",
      SLACcitation   = "%%CITATION = ARXIV:1405.0301;%%"
}
@article{Buckley:2014ana,
      author         = "Buckley, Andy and Ferrando, James and Lloyd, Stephen and
                        Nordström, Karl and Page, Ben and Rüfenacht, Martin and
                        Schönherr, Marek and Watt, Graeme",
      title          = "{LHAPDF6: parton density access in the LHC precision
                        era}",
      journal        = "Eur. Phys. J.",
      volume         = "C75",
      year           = "2015",
      pages          = "132",
      doi            = "10.1140/epjc/s10052-015-3318-8",
      eprint         = "1412.7420",
      archivePrefix  = "arXiv",
      primaryClass   = "hep-ph",
      reportNumber   = "GLAS-PPE-2014-05, MCNET-14-29, IPPP-14-111, DCPT-14-222",
      SLACcitation   = "%%CITATION = ARXIV:1412.7420;%%"
}
@article{Harris:2001sx,
      author         = "Harris, B. W. and Owens, J. F.",
      title          = "{The Two cutoff phase space slicing method}",
      journal        = "Phys. Rev.",
      volume         = "D65",
      year           = "2002",
      pages          = "094032",
      doi            = "10.1103/PhysRevD.65.094032",
      eprint         = "hep-ph/0102128",
      archivePrefix  = "arXiv",
      primaryClass   = "hep-ph",
      reportNumber   = "ANL-HEP-PR-00-044, FSU-HEP-010130",
      SLACcitation   = "%%CITATION = HEP-PH/0102128;%%"
}
@article{Altarelli:1977zs,
      author         = "Altarelli, Guido and Parisi, G.",
      title          = "{Asymptotic Freedom in Parton Language}",
      journal        = "Nucl. Phys.",
      volume         = "B126",
      year           = "1977",
      pages          = "298-318",
      doi            = "10.1016/0550-3213(77)90384-4",
      reportNumber   = "LPTENS-77-6",
      SLACcitation   = "%%CITATION = NUPHA,B126,298;%%"
}
@article{Dokshitzer:1977sg,
      author         = "Dokshitzer, Yuri L.",
      title          = "{Calculation of the Structure Functions for Deep
                        Inelastic Scattering and e+ e- Annihilation by
                        Perturbation Theory in Quantum Chromodynamics.}",
      journal        = "Sov. Phys. JETP",
      volume         = "46",
      year           = "1977",
      pages          = "641-653",
      note           = "[Zh. Eksp. Teor. Fiz.73,1216(1977)]",
      SLACcitation   = "%%CITATION = SPHJA,46,641;%%"
}
@article{Gribov:1972ri,
      author         = "Gribov, V. N. and Lipatov, L. N.",
      title          = "{Deep inelastic e p scattering in perturbation theory}",
      journal        = "Sov. J. Nucl. Phys.",
      volume         = "15",
      year           = "1972",
      pages          = "438-450",
      note           = "[Yad. Fiz.15,781(1972)]",
      reportNumber   = "IPTI-381-71",
      SLACcitation   = "%%CITATION = SJNCA,15,438;%%"
}
@article{Cullen:2014yla,
      author         = "Cullen, Gavin and others",
      title          = "{G$\scriptsize{O}$S$\scriptsize{AM}$-2.0: a tool for automated one-loop calculations within the Standard Model and beyond}",
      journal        = "Eur. Phys. J.",
      volume         = "C74",
      year           = "2014",
      number         = "8",
      pages          = "3001",
      doi            = "10.1140/epjc/s10052-014-3001-5",
      eprint         = "1404.7096",
      archivePrefix  = "arXiv",
      primaryClass   = "hep-ph",
      reportNumber   = "DESY-14-061, MPP-2014-145",
      SLACcitation   = "%%CITATION = ARXIV:1404.7096;%%"
}
@article{Cullen:2011ac,
      author         = "Cullen, Gavin and Greiner, Nicolas and Heinrich, Gudrun
                        and Luisoni, Gionata and Mastrolia, Pierpaolo and Ossola,
                        Giovanni and Reiter, Thomas and Tramontano, Francesco",
      title          = "{Automated One-Loop Calculations with GoSam}",
      journal        = "Eur. Phys. J.",
      volume         = "C72",
      year           = "2012",
      pages          = "1889",
      doi            = "10.1140/epjc/s10052-012-1889-1",
      eprint         = "1111.2034",
      archivePrefix  = "arXiv",
      primaryClass   = "hep-ph",
      reportNumber   = "CERN-PH-TH-2011-272, MPP-2011-132, DESY-11-203,
                        IPPP-11-72, DCPT-11-144, EDINBURGH-2011-32",
      SLACcitation   = "%%CITATION = ARXIV:1111.2034;%%"
}
@article{Beenakker:1996ed,
      author         = "Beenakker, W. and Hopker, R. and Spira, M.",
      title          = "{PROSPINO: A Program for the production of supersymmetric
                        particles in next-to-leading order QCD}",
      year           = "1996",
      eprint         = "hep-ph/9611232",
      archivePrefix  = "arXiv",
      primaryClass   = "hep-ph",
      SLACcitation   = "%%CITATION = HEP-PH/9611232;%%"
}
@article{Pumplin:2002vw,
      author         = "Pumplin, J. and Stump, D. R. and Huston, J. and Lai, H.
                        L. and Nadolsky, Pavel M. and Tung, W. K.",
      title          = "{New generation of parton distributions with
                        uncertainties from global QCD analysis}",
      journal        = "JHEP",
      volume         = "07",
      year           = "2002",
      pages          = "012",
      doi            = "10.1088/1126-6708/2002/07/012",
      eprint         = "hep-ph/0201195",
      archivePrefix  = "arXiv",
      primaryClass   = "hep-ph",
      reportNumber   = "MSU-HEP-011101",
      SLACcitation   = "%%CITATION = HEP-PH/0201195;%%"
}
@article{Nadolsky:2008zw,
      author         = "Nadolsky, Pavel M. and Lai, Hung-Liang and Cao, Qing-Hong
                        and Huston, Joey and Pumplin, Jon and Stump, Daniel and
                        Tung, Wu-Ki and Yuan, C. -P.",
      title          = "{Implications of CTEQ global analysis for collider
                        observables}",
      journal        = "Phys. Rev.",
      volume         = "D78",
      year           = "2008",
      pages          = "013004",
      doi            = "10.1103/PhysRevD.78.013004",
      eprint         = "0802.0007",
      archivePrefix  = "arXiv",
      primaryClass   = "hep-ph",
      reportNumber   = "MSUHEP-080125, UCRHEP-T447",
      SLACcitation   = "%%CITATION = ARXIV:0802.0007;%%"
}
@book{Marina,
  author    = {Marina von Steinkirch}, 
  title = {Introduction to Group Theory for Physicists},
  year      = 2010,
  month     = August
}
@book{Romao,
  author    = {Jorge C. Romao}, 
  title     = {Modern Techniques for One-Loop Calculations},
  year      = 2006,
  month     = September
}